% Encoding: UTF-8


@Article{bao2014multi,
  Title                    = {Multi-step-ahead time series prediction using multiple-output support vector regression},
  Author                   = {Bao, Yukun and Xiong, Tao and Hu, Zhongyi},
  Journal                  = {Neurocomputing},
  Year                     = {2014},
  Pages                    = {482--493},
  Volume                   = {129},

  Publisher                = {Elsevier}
}

@InProceedings{battaglia2016interaction,
  Title                    = {Interaction networks for learning about objects, relations and physics},
  Author                   = {Battaglia, Peter and Pascanu, Razvan and Lai, Matthew and Rezende, Danilo Jimenez and others},
  Booktitle                = {Advances in Neural Information Processing Systems},
  Year                     = {2016},
  Pages                    = {4502--4510}
}

@Article{bontempi2008long,
  Title                    = {Long term time series prediction with multi-input multi-output local learning},
  Author                   = {Bontempi, Gianluca},
  Journal                  = {Proc. 2nd ESTSP},
  Year                     = {2008},
  Pages                    = {145--154}
}

@Book{box1976time,
  Title                    = {Time series analysis: forecasting and control, revised ed},
  Author                   = {Box, George EP and Jenkins, Gwilym M},
  Publisher                = {Holden-Day},
  Year                     = {1976}
}

@Article{box1994reinsel,
  Title                    = {Time series analysis: forecasting and control},
  Author                   = {Box, Jenkins and Jenkins, Gwilym M},
  Journal                  = {Tercera. NJ: Prentice Hall, Englewood Cliffs, NJ, USA},
  Year                     = {1994}
}

@Book{bradski2008learning,
  Title                    = {Learning OpenCV: Computer vision with the OpenCV library},
  Author                   = {Bradski, Gary and Kaehler, Adrian},
  Publisher                = {" O'Reilly Media, Inc."},
  Year                     = {2008}
}

@Article{denil2016learning,
  Title                    = {Learning to perform physics experiments via deep reinforcement learning},
  Author                   = {Denil, Misha and Agrawal, Pulkit and Kulkarni, Tejas D and Erez, Tom and Battaglia, Peter and de Freitas, Nando},
  Journal                  = {arXiv preprint arXiv:1611.01843},
  Year                     = {2016}
}

@Article{ehrhardt2017learning,
  Title                    = {Learning A Physical Long-term Predictor},
  Author                   = {Ehrhardt, Sebastien and Monszpart, Aron and Mitra, Niloy J and Vedaldi, Andrea},
  Journal                  = {arXiv preprint arXiv:1703.00247},
  Year                     = {2017}
}

@Article{farmer1987predicting,
  Title                    = {Predicting chaotic time series},
  Author                   = {Farmer, J Doyne and Sidorowich, John J},
  Journal                  = {Physical review letters},
  Year                     = {1987},
  Number                   = {8},
  Pages                    = {845},
  Volume                   = {59},

  Publisher                = {APS}
}

@Article{fragkiadaki2015learning,
  Title                    = {Learning visual predictive models of physics for playing billiards},
  Author                   = {Fragkiadaki, Katerina and Agrawal, Pulkit and Levine, Sergey and Malik, Jitendra},
  Journal                  = {arXiv preprint arXiv:1511.07404},
  Year                     = {2015}
}

@Article{hsu2017time,
  Title                    = {Time Series Forecasting Based on Augmented Long Short-Term Memory},
  Author                   = {Hsu, Daniel},
  Journal                  = {arXiv preprint arXiv:1707.00666},
  Year                     = {2017}
}

@Article{kubricht2017intuitive,
  Title                    = {Intuitive physics: Current research and controversies},
  Author                   = {Kubricht, James R and Holyoak, Keith J and Lu, Hongjing},
  Journal                  = {Trends in cognitive sciences},
  Year                     = {2017},
  Number                   = {10},
  Pages                    = {749--759},
  Volume                   = {21},

  Publisher                = {Elsevier}
}

@Article{lake2017building,
  Title                    = {Building machines that learn and think like people},
  Author                   = {Lake, Brenden M and Ullman, Tomer D and Tenenbaum, Joshua B and Gershman, Samuel J},
  Journal                  = {Behavioral and Brain Sciences},
  Year                     = {2017},
  Volume                   = {40},

  Publisher                = {Cambridge University Press}
}

@Article{lerer2016learning,
  Title                    = {Learning physical intuition of block towers by example},
  Author                   = {Lerer, Adam and Gross, Sam and Fergus, Rob},
  Journal                  = {arXiv preprint arXiv:1603.01312},
  Year                     = {2016}
}

@Article{lorenz1963deterministic,
  Title                    = {Deterministic non-periodic flow},
  Author                   = {Lorenz, Edward N},
  Journal                  = {Journal of the atmospheric sciences},
  Year                     = {1963},
  Number                   = {2},
  Pages                    = {130--141},
  Volume                   = {20}
}

@Article{mackey1977oscillation,
  Title                    = {Oscillation and chaos in physiological control systems},
  Author                   = {Mackey, Michael C and Glass, Leon and others},
  Journal                  = {Science},
  Year                     = {1977},
  Number                   = {4300},
  Pages                    = {287--289},
  Volume                   = {197}
}

@Article{rossler1976equation,
  Title                    = {An equation for continuous chaos},
  Author                   = {R{\"o}ssler, Otto E},
  Journal                  = {Physics Letters A},
  Year                     = {1976},
  Number                   = {5},
  Pages                    = {397--398},
  Volume                   = {57},

  Publisher                = {Elsevier}
}

@Article{watters2017visual,
  Title                    = {Visual Interaction Networks},
  Author                   = {Watters, Nicholas and Tacchetti, Andrea and Weber, Theophane and Pascanu, Razvan and Battaglia, Peter and Zoran, Daniel},
  Journal                  = {arXiv preprint arXiv:1706.01433},
  Year                     = {2017}
}

@InProceedings{weigend1993results,
  Title                    = {Results of the time series prediction competition at the Santa Fe Institute},
  Author                   = {Weigend, Andreas S and Gershenfeld, Neil A},
  Booktitle                = {Neural Networks, 1993., IEEE International Conference on},
  Year                     = {1993},
  Organization             = {IEEE},
  Pages                    = {1786--1793}
}

@InProceedings{wu2017learning,
  Title                    = {Learning to see physics via visual de-animation},
  Author                   = {Wu, Jiajun and Lu, Erika and Kohli, Pushmeet and Freeman, Bill and Tenenbaum, Josh},
  Booktitle                = {Advances in Neural Information Processing Systems},
  Year                     = {2017},
  Pages                    = {152--163}
}

@Article{zhu2017deep,
  Title                    = {Deep and Confident Prediction for Time Series at Uber},
  Author                   = {Zhu, Lingxue and Laptev, Nikolay},
  Journal                  = {arXiv preprint arXiv:1709.01907},
  Year                     = {2017}
}

@Proceedings{weigend1993proceedings,
  Title                    = {Predicting the Future and Understanding the Past: a Comparison of Approaches. Proceedings of the NATO Advanced Research Worhhop on Time Series Analysis and Forecasting},
  Year                     = {1993},
  Editor                   = {Weigend, Andreas S. and Gershenfeld, Neil A.},
  Organization             = {Santa Fe Institute Studies in the Sciences of Complexity},
  Publisher                = {Addison-Wesley},

  Owner                    = {tkornuta},
  Timestamp                = {2018.01.05}
}

@article{scikit-image,
 title = {scikit-image: image processing in {P}ython},
 author = {van der Walt, {S}t\'efan and {S}ch\"onberger, {J}ohannes {L}. and
           {Nunez-Iglesias}, {J}uan and {B}oulogne, {F}ran\c{c}ois and {W}arner,
           {J}oshua {D}. and {Y}ager, {N}eil and {G}ouillart, {E}mmanuelle and
           {Y}u, {T}ony and the scikit-image contributors},
 year = {2014},
 month = {6},
 keywords = {Image processing, Reproducible research, Education,
             Visualization, Open source, Python, Scientific programming},
 volume = {2},
 pages = {e453},
 journal = {PeerJ},
 issn = {2167-8359},
 url = {http://dx.doi.org/10.7717/peerj.453},
 doi = {10.7717/peerj.453}
}

@article{opencv_library,
    author = {Bradski, G.},
    citeulike-article-id = {2236121},
    journal = {Dr. Dobb's Journal of Software Tools},
    keywords = {bibtex-import},
    posted-at = {2008-01-15 19:21:54},
    priority = {4},
    title = {{The OpenCV Library}},
    year = {2000}
}

@article{levien1993,
    author = {R. B. Levien and S. M. Tan},
    title = {Double pendulum: An experiment in chaos},
    journal = {American Journal of Physics},
    volume = {61},
    number = {11},
    pages = {1038-1044},
    year = {1993},
    doi = {10.1119/1.17335},

    URL = { 
            https://doi.org/10.1119/1.17335

    },
    eprint = { 
            https://doi.org/10.1119/1.17335

    }
}

@misc{tensorflow2015-whitepaper,
title={ {TensorFlow}: Large-Scale Machine Learning on Heterogeneous Systems},
url={https://www.tensorflow.org/},
note={Software available from tensorflow.org},
author={
    Mart\'{\i}n~Abadi and
    Ashish~Agarwal and
    Paul~Barham and
    Eugene~Brevdo and
    Zhifeng~Chen and
    Craig~Citro and
    Greg~S.~Corrado and
    Andy~Davis and
    Jeffrey~Dean and
    Matthieu~Devin and
    Sanjay~Ghemawat and
    Ian~Goodfellow and
    Andrew~Harp and
    Geoffrey~Irving and
    Michael~Isard and
    Yangqing Jia and
    Rafal~Jozefowicz and
    Lukasz~Kaiser and
    Manjunath~Kudlur and
    Josh~Levenberg and
    Dan~Man\'{e} and
    Rajat~Monga and
    Sherry~Moore and
    Derek~Murray and
    Chris~Olah and
    Mike~Schuster and
    Jonathon~Shlens and
    Benoit~Steiner and
    Ilya~Sutskever and
    Kunal~Talwar and
    Paul~Tucker and
    Vincent~Vanhoucke and
    Vijay~Vasudevan and
    Fernanda~Vi\'{e}gas and
    Oriol~Vinyals and
    Pete~Warden and
    Martin~Wattenberg and
    Martin~Wicke and
    Yuan~Yu and
    Xiaoqiang~Zheng},
  year={2015},
}

@article{adam-paper,
  author    = {Diederik P. Kingma and
               Jimmy Ba},
  title     = {Adam: {A} Method for Stochastic Optimization},
  journal   = {CoRR},
  volume    = {abs/1412.6980},
  year      = {2014},
  url       = {http://arxiv.org/abs/1412.6980},
  archivePrefix = {arXiv},
  eprint    = {1412.6980},
  timestamp = {Wed, 07 Jun 2017 14:40:52 +0200},
  biburl    = {http://dblp.org/rec/bib/journals/corr/KingmaB14},
  bibsource = {dblp computer science bibliography, http://dblp.org}
}

@article{lstm-paper,
author = {Hochreiter, Sepp and Schmidhuber, Jürgen},
year = {1997},
month = {12},
pages = {1735-80},
title = {Long Short-term Memory},
volume = {9},
booktitle = {Neural computation}
}

@article{stacked-rnn-paper,
  author    = {Razvan Pascanu and
               {\c{C}}aglar G{\"{u}}l{\c{c}}ehre and
               Kyunghyun Cho and
               Yoshua Bengio},
  title     = {How to Construct Deep Recurrent Neural Networks},
  journal   = {CoRR},
  volume    = {abs/1312.6026},
  year      = {2013},
  url       = {http://arxiv.org/abs/1312.6026},
  archivePrefix = {arXiv},
  eprint    = {1312.6026},
  timestamp = {Wed, 07 Jun 2017 14:42:56 +0200},
  biburl    = {http://dblp.org/rec/bib/journals/corr/PascanuGCB13},
  bibsource = {dblp computer science bibliography, http://dblp.org}
}
@Article{cross2005double,
  author    = {Cross, Rod},
  title     = {A double pendulum swing experiment: In search of a better bat},
  journal   = {American journal of physics},
  year      = {2005},
  volume    = {73},
  number    = {4},
  pages     = {330--339},
  publisher = {AAPT},
}

@Article{levien1993double,
  author    = {Levien, RB and Tan, SM},
  title     = {Double pendulum: An experiment in chaos},
  journal   = {American Journal of Physics},
  year      = {1993},
  volume    = {61},
  number    = {11},
  pages     = {1038--1044},
  publisher = {AAPT},
}

@Comment{jabref-meta: databaseType:bibtex;}
