% Encoding: UTF-8

@InProceedings{haurilet2019s,
  author    = {Haurilet, Monica and Roitberg, Alina and Stiefelhagen, Rainer},
  title     = {It's Not About the Journey; It's About the Destination: Following Soft Paths Under Question-Guidance for Visual Reasoning},
  booktitle = {Proceedings of the IEEE Conference on Computer Vision and Pattern Recognition},
  year      = {2019},
  pages     = {1930--1939},
}

@Article{weston2014memory,
  author  = {Weston, Jason and Chopra, Sumit and Bordes, Antoine},
  title   = {Memory networks},
  journal = {arXiv preprint arXiv:1410.3916},
  year    = {2014},
}

@InProceedings{song2018explore,
  author       = {Song, Xiaomeng and Shi, Yucheng and Chen, Xin and Han, Yahong},
  title        = {Explore multi-step reasoning in video question answering},
  booktitle    = {2018 ACM Multimedia Conference on Multimedia Conference},
  year         = {2018},
  pages        = {239--247},
  organization = {ACM},
}

@Article{le2019learning,
  author  = {Le, Thao Minh and Le, Vuong and Venkatesh, Svetha and Tran, Truyen},
  title   = {Learning to Reason with Relational Video Representation for Question Answering},
  journal = {arXiv preprint arXiv:1907.04553},
  year    = {2019},
}

@Comment{jabref-meta: databaseType:bibtex;}
