% Encoding: UTF-8

@InProceedings{antol2015, 
	author = {Stanislaw Antol and Aishwarya Agrawal and Jiasen Lu and Margaret Mitchell and Dhruv Batra and C. Lawrence Zitnick and Devi Parikh}, 
	title = {{VQA}: {V}isual {Q}uestion {A}nswering}, 
	booktitle = {International Conference on Computer Vision (ICCV)}, 
	year = {2015}, 
}


@inproceedings{antol2015vqa,
	title={Vqa: Visual question answering},
	author={Antol, Stanislaw and Agrawal, Aishwarya and Lu, Jiasen and Mitchell, Margaret and Batra, Dhruv and Lawrence Zitnick, C and Parikh, Devi},
	booktitle={Proceedings of the IEEE international conference on computer vision},
	pages={2425--2433},
	year={2015}
}


@article{bahdanau2014neural,
	title={Neural machine translation by jointly learning to align and translate},
	author={Bahdanau, Dzmitry and Cho, Kyunghyun and Bengio, Yoshua},
	journal={arXiv preprint arXiv:1409.0473},
	year={2014}
}

@inproceedings{ben2017mutan,
	title={Mutan: Multimodal tucker fusion for visual question answering},
	author={Ben-Younes, Hedi and Cadene, R{\'e}mi and Cord, Matthieu and Thome, Nicolas},
	booktitle={Proceedings of the IEEE international conference on computer vision},
	pages={2612--2620},
	year={2017}
}

@article{chen2015abc,
	title={Abc-cnn: An attention based convolutional neural network for visual question answering},
	author={Chen, Kan and Wang, Jiang and Chen, Liang-Chieh and Gao, Haoyuan and Xu, Wei and Nevatia, Ram},
	journal={arXiv preprint arXiv:1511.05960},
	year={2015}
}

@Article{clark2019f,
	author  = {Clark, Peter and Etzioni, Oren and Khot, Tushar and Mishra, Bhavana Dalvi and Richardson, Kyle and Sabharwal, Ashish and Schoenick, Carissa and Tafjord, Oyvind and Tandon, Niket and Bhakthavatsalam, Sumithra and others},
	title   = {{From 'F' to 'A' on the NY Regents Science Exams: An Overview of the Aristo Project}},
	journal = {arXiv preprint arXiv:1909.01958},
	year    = {2019},
}

@Article{csordas2019improved,
	author = {Csord{\'a}s, R{\'o}bert and Schmidhuber, J{\"u}rgen},
	title  = {Improved Addressing in the Differentiable Neural Computer},
	year   = {2019},
}

@InProceedings{das2017visual,
	author    = {Das, Abhishek and Kottur, Satwik and Gupta, Khushi and Singh, Avi and Yadav, Deshraj and Moura, Jos{\'e} MF and Parikh, Devi and Batra, Dhruv},
	title     = {Visual dialog},
	booktitle = {Proceedings of the IEEE Conference on Computer Vision and Pattern Recognition},
	year      = {2017},
	pages     = {326--335},
}

@Article{davis2016write,
	author  = {Davis, Ernest},
	title   = {How to write science questions that are easy for people and hard for computers},
	journal = {AI magazine},
	year    = {2016},
	volume  = {37},
	number  = {1},
	pages   = {13--22},
}



@inproceedings{deng2009imagenet,
	title={Imagenet: A large-scale hierarchical image database},
	author={Deng, Jia and Dong, Wei and Socher, Richard and Li, Li-Jia and Li, Kai and Fei-Fei, Li},
	booktitle={2009 IEEE conference on computer vision and pattern recognition},
	pages={248--255},
	year={2009},
	organization={Ieee}
}

@inproceedings{desta2018object,
	title={Object-based reasoning in VQA},
	author={Desta, Mikyas T and Chen, Larry and Kornuta, Tomasz},
	booktitle={2018 IEEE Winter Conference on Applications of Computer Vision (WACV)},
	pages={1814--1823},
	year={2018},
	organization={IEEE}
}

@article{devlin2018bert,
	title={Bert: Pre-training of deep bidirectional transformers for language understanding},
	author={Devlin, Jacob and Chang, Ming-Wei and Lee, Kenton and Toutanova, Kristina},
	journal={arXiv preprint arXiv:1810.04805},
	year={2018}
}

@Article{ferrucci2010building,
	author  = {Ferrucci, David and Brown, Eric and Chu-Carroll, Jennifer and Fan, James and Gondek, David and Kalyanpur, Aditya A and Lally, Adam and Murdock, J William and Nyberg, Eric and Prager, John and others},
	title   = {Building Watson: An overview of the DeepQA project},
	journal = {AI magazine},
	year    = {2010},
	volume  = {31},
	number  = {3},
	pages   = {59--79},
}


@article{fukui2016multimodal,
	title={Multimodal compact bilinear pooling for visual question answering and visual grounding},
	author={Fukui, Akira and Park, Dong Huk and Yang, Daylen and Rohrbach, Anna and Darrell, Trevor and Rohrbach, Marcus},
	journal={arXiv preprint arXiv:1606.01847},
	year={2016}
}

@inproceedings{graves2013speech,
	title={Speech recognition with deep recurrent neural networks},
	author={Graves, Alex and Mohamed, Abdel-rahman and Hinton, Geoffrey},
	booktitle={2013 IEEE international conference on acoustics, speech and signal processing},
	pages={6645--6649},
	year={2013},
	organization={IEEE}
}

@Article{graves2014neural,
	author  = {Graves, Alex and Wayne, Greg and Danihelka, Ivo},
	title   = {Neural turing machines},
	journal = {arXiv preprint arXiv:1410.5401},
	year    = {2014},
}

@Article{graves2016adaptive,
	author  = {Graves, Alex},
	title   = {Adaptive computation time for recurrent neural networks},
	journal = {arXiv preprint arXiv:1603.08983},
	year    = {2016},
}

@Article{graves2016hybrid,
	author    = {Graves, Alex and Wayne, Greg and Reynolds, Malcolm and Harley, Tim and Danihelka, Ivo and Grabska-Barwi{\'n}ska, Agnieszka and Colmenarejo, Sergio G{\'o}mez and Grefenstette, Edward and Ramalho, Tiago and Agapiou, John and others},
	title     = {Hybrid computing using a neural network with dynamic external memory},
	journal   = {Nature},
	year      = {2016},
	volume    = {538},
	number    = {7626},
	pages     = {471},
	publisher = {Nature Publishing Group},
}

@Article{gray2003neural,
	author    = {Gray, Jeremy R and Chabris, Christopher F and Braver, Todd S},
	title     = {Neural mechanisms of general fluid intelligence},
	journal   = {Nature neuroscience},
	year      = {2003},
	volume    = {6},
	number    = {3},
	pages     = {316},
	publisher = {Nature Publishing Group},
}

@inproceedings{guo2018dynamic,
	title={Dynamic task prioritization for multitask learning},
	author={Guo, Michelle and Haque, Albert and Huang, De-An and Yeung, Serena and Fei-Fei, Li},
	booktitle={Proceedings of the European Conference on Computer Vision (ECCV)},
	pages={270--287},
	year={2018}
}

@article{harnad2003symbol,
	title={Symbol grounding problem},
	author={Harnad, Stevan},
	year={2003},
	publisher={Nature Publishing Group: Macmillan}
}

@InProceedings{haurilet2019s,
	author    = {Haurilet, Monica and Roitberg, Alina and Stiefelhagen, Rainer},
	title     = {It's Not About the Journey; It's About the Destination: Following Soft Paths Under Question-Guidance for Visual Reasoning},
	booktitle = {Proceedings of the IEEE Conference on Computer Vision and Pattern Recognition},
	year      = {2019},
	pages     = {1930--1939},
}

@inproceedings{he2016deep,
	title={Deep residual learning for image recognition},
	author={He, Kaiming and Zhang, Xiangyu and Ren, Shaoqing and Sun, Jian},
	booktitle={Proceedings of the IEEE conference on computer vision and pattern recognition},
	pages={770--778},
	year={2016}
}


@article{hudson2018compositional,
	author    = {Drew A. Hudson and Christopher D. Manning},
	title     = {Compositional attention networks for machine reasoning},
	journal   = {International Conference on Learning Representations},
	year      = {2018},
	eprint       = {1803.03067},
	eprinttype   = {arxiv},
}

@article{hudson2019learning,
	title={Learning by abstraction: The neural state machine},
	author={Hudson, Drew A and Manning, Christopher D},
	journal={arXiv preprint arXiv:1907.03950},
	year={2019}
}

@article{huh2016makes,
	title={What makes ImageNet good for transfer learning?},
	author={Huh, Minyoung and Agrawal, Pulkit and Efros, Alexei A},
	journal={arXiv preprint arXiv:1608.08614},
	year={2016}
}


@article{iglovikov2018ternausnet,
	title={Ternausnet: U-net with vgg11 encoder pre-trained on imagenet for image segmentation},
	author={Iglovikov, Vladimir and Shvets, Alexey},
	journal={arXiv preprint arXiv:1801.05746},
	year={2018}
}

@article{ilievski2016focused,
	title={A focused dynamic attention model for visual question answering},
	author={Ilievski, Ilija and Yan, Shuicheng and Feng, Jiashi},
	journal={arXiv preprint arXiv:1604.01485},
	year={2016}
}

@Article{jayram2018learning,
	author  = {Jayram, TS and Bouhadjar, Younes and McAvoy, Ryan L and Kornuta, Tomasz and Asseman, Alexis and Rocki, Kamil and Ozcan, Ahmet S},
	title   = {Learning to Remember, Forget and Ignore using Attention Control in Memory},
	journal = {arXiv preprint arXiv:1809.11087},
	year    = {2018},
}


@inproceedings{johnson2017clevr,
	title={Clevr: A diagnostic dataset for compositional language and elementary visual reasoning},
	author={Johnson, Justin and Hariharan, Bharath and van der Maaten, Laurens and Fei-Fei, Li and Lawrence Zitnick, C and Girshick, Ross},
	booktitle={Proceedings of the IEEE Conference on Computer Vision and Pattern Recognition},
	pages={2901--2910},
	year={2017}
}
@inproceedings{johnson2017inferring,
	title={Inferring and executing programs for visual reasoning},
	author={Johnson, Justin and Hariharan, Bharath and van der Maaten, Laurens and Hoffman, Judy and Fei-Fei, Li and Lawrence Zitnick, C and Girshick, Ross},
	booktitle={Proceedings of the IEEE International Conference on Computer Vision},
	pages={2989--2998},
	year={2017}
}

@InProceedings{karpathy2015deep,
	author    = {Karpathy, Andrej and Fei-Fei, Li},
	title     = {Deep visual-semantic alignments for generating image descriptions},
	booktitle = {Proceedings of the IEEE conference on computer vision and pattern recognition},
	year      = {2015},
	pages     = {3128--3137},
}

@inproceedings{kendall2018multi,
	title={Multi-task learning using uncertainty to weigh losses for scene geometry and semantics},
	author={Kendall, Alex and Gal, Yarin and Cipolla, Roberto},
	booktitle={Proceedings of the IEEE Conference on Computer Vision and Pattern Recognition},
	pages={7482--7491},
	year={2018}
}

@article{kim2016hadamard,
	title={Hadamard product for low-rank bilinear pooling},
	author={Kim, Jin-Hwa and On, Kyoung-Woon and Lim, Woosang and Kim, Jeonghee and Ha, Jung-Woo and Zhang, Byoung-Tak},
	journal={arXiv preprint arXiv:1610.04325},
	year={2016}
}

@inproceedings{kim2018dynamic,
	title={Dynamic graph generation network: Generating relational knowledge from diagrams},
	author={Kim, Daesik and Yoo, YoungJoon and Kim, Jee-Soo and Lee, Sangkuk and Kwak, Nojun},
	booktitle={Proceedings of the IEEE Conference on Computer Vision and Pattern Recognition},
	pages={4167--4175},
	year={2018}
}

@inproceedings{kornblith2019better,
	title={Do better imagenet models transfer better?},
	author={Kornblith, Simon and Shlens, Jonathon and Le, Quoc V},
	booktitle={Proceedings of the IEEE Conference on Computer Vision and Pattern Recognition},
	pages={2661--2671},
	year={2019}
}

@InProceedings{kornuta2018accelerating,
	author    = {Kornuta, Tomasz and Marois, Vincent and McAvoy, Ryan L and Bouhadjar, Younes and Asseman, Alexis and Albouy, Vincent and Jayram, TS and Ozcan, Ahmet S},
	title     = {Accelerating Machine Learning Research with MI-Prometheus},
	booktitle = {NeurIPS Workshop on Machine Learning Open Source Software (MLOSS)},
	year      = {2018},
	volume    = {2018},
}

@article{kornuta2019leveraging,
	title={Leveraging Medical Visual Question Answering with Supporting Facts},
	author={Kornuta, Tomasz and Rajan, Deepta and Shivade, Chaitanya and Asseman, Alexis and Ozcan, Ahmet S},
	journal={arXiv preprint arXiv:1905.12008},
	year={2019}
}

@inproceedings{krizhevsky2012imagenet,
	title={Imagenet classification with deep convolutional neural networks},
	author={Krizhevsky, Alex and Sutskever, Ilya and Hinton, Geoffrey E},
	booktitle={Advances in neural information processing systems},
	pages={1097--1105},
	year={2012}
}

@Article{le2019learning,
	author  = {Le, Thao Minh and Le, Vuong and Venkatesh, Svetha and Tran, Truyen},
	title   = {Learning to Reason with Relational Video Representation for Question Answering},
	journal = {arXiv preprint arXiv:1907.04553},
	year    = {2019},
}

@Article{lecun2015deep,
	author    = {LeCun, Yann and Bengio, Yoshua and Hinton, Geoffrey},
	title     = {{Deep Learning}},
	journal   = {Nature},
	year      = {2015},
	volume    = {521},
	number    = {7553},
	pages     = {436},
	publisher = {Nature Publishing Group},
}

@InProceedings{levesque2012winograd,
	author    = {Levesque, Hector and Davis, Ernest and Morgenstern, Leora},
	title     = {The winograd schema challenge},
	booktitle = {Thirteenth International Conference on the Principles of Knowledge Representation and Reasoning},
	year      = {2012},
}

@Article{liu2019roberta,
	author  = {Liu, Yinhan and Ott, Myle and Goyal, Naman and Du, Jingfei and Joshi, Mandar and Chen, Danqi and Levy, Omer and Lewis, Mike and Zettlemoyer, Luke and Stoyanov, Veselin},
	title   = {RoBERTa: A Robustly Optimized BERT Pretraining Approach},
	journal = {arXiv preprint arXiv:1907.11692},
	year    = {2019},
}

@InProceedings{malinowski2014multi,
	author    = {Malinowski, Mateusz and Fritz, Mario},
	title     = {A multi-world approach to question answering about real-world scenes based on uncertain input},
	booktitle = {Advances in neural information processing systems},
	year      = {2014},
	pages     = {1682--1690},
}


@article{malinowski2018visual,
	title={The visual QA devil in the details: The impact of early fusion and batch norm on clevr},
	author={Malinowski, Mateusz and Doersch, Carl},
	journal={arXiv preprint arXiv:1809.04482},
	year={2018}
}

@misc{mao2019neurosymbolic,
	title={The Neuro-Symbolic Concept Learner: Interpreting Scenes, Words, and Sentences From Natural Supervision},
	author={Jiayuan Mao and Chuang Gan and Pushmeet Kohli and Joshua B. Tenenbaum and Jiajun Wu},
	year={2019},
	eprint={1904.12584},
	archivePrefix={arXiv},
	primaryClass={cs.CV}
}

@InProceedings{marois2018transfer,
	author    = {Marois, Vincent and Jayram, TS and Albouy, Vincent and Kornuta, Tomasz and Bouhadjar, Younes and Ozcan, Ahmet S},
	title     = {On transfer learning using a {MAC} model variant},
	booktitle = {NeurIPS'18 Visually-Grounded Interaction and Language (ViGIL) Workshop},
	year      = {2018},
	journal   = {arXiv preprint arXiv:1811.06529},
}

@inproceedings{mascharka2018transparency,
	title={Transparency by design: Closing the gap between performance and interpretability in visual reasoning},
	author={Mascharka, David and Tran, Philip and Soklaski, Ryan and Majumdar, Arjun},
	booktitle={Proceedings of the IEEE conference on computer vision and pattern recognition},
	pages={4942--4950},
	year={2018}
}


@inproceedings{mikolov2013distributed,
	title={Distributed representations of words and phrases and their compositionality},
	author={Mikolov, Tomas and Sutskever, Ilya and Chen, Kai and Corrado, Greg S and Dean, Jeff},
	booktitle={Advances in neural information processing systems},
	pages={3111--3119},
	year={2013}
}

@Article{mnih2015human,
	author    = {Mnih, Volodymyr and Kavukcuoglu, Koray and Silver, David and Rusu, Andrei A and Veness, Joel and Bellemare, Marc G and Graves, Alex and Riedmiller, Martin and Fidjeland, Andreas K and Ostrovski, Georg and others},
	title     = {Human-level control through deep reinforcement learning},
	journal   = {Nature},
	year      = {2015},
	volume    = {518},
	number    = {7540},
	pages     = {529},
	publisher = {Nature Publishing Group},
}

@Article{mogadala2019trends,
	author  = {Mogadala, Aditya and Kalimuthu, Marimuthu and Klakow, Dietrich},
	title   = {Trends in Integration of Vision and Language Research: A Survey of Tasks, Datasets, and Methods},
	journal = {arXiv preprint arXiv:1907.09358},
	year    = {2019},
}

@Article{monfort2019moments,
	author    = {Monfort, Mathew and Andonian, Alex and Zhou, Bolei and Ramakrishnan, Kandan and Bargal, Sarah Adel and Yan, Yan and Brown, Lisa and Fan, Quanfu and Gutfreund, Dan and Vondrick, Carl and others},
	title     = {Moments in time dataset: one million videos for event understanding},
	journal   = {IEEE transactions on pattern analysis and machine intelligence},
	year      = {2019},
	publisher = {IEEE},
}

@InProceedings{MovieQA,
	author    = {Makarand Tapaswi and Yukun Zhu and Rainer Stiefelhagen and Antonio Torralba and Raquel Urtasun and Sanja Fidler},
	title     = {{MovieQA: Understanding Stories in Movies through Question-Answering}},
	booktitle = {IEEE Conference on Computer Vision and Pattern Recognition (CVPR)},
	year      = {2016},
}

@inproceedings{mun2017marioqa,
	title={Marioqa: Answering questions by watching gameplay videos},
	author={Mun, Jonghwan and Hongsuck Seo, Paul and Jung, Ilchae and Han, Bohyung},
	booktitle={Proceedings of the IEEE International Conference on Computer Vision},
	pages={2867--2875},
	year={2017}
}

@article{pan2009survey,
	title={A survey on transfer learning},
	author={Pan, Sinno Jialin and Yang, Qiang},
	journal={IEEE Transactions on knowledge and data engineering},
	volume={22},
	number={10},
	pages={1345--1359},
	year={2009},
	publisher={IEEE}
}

@Article{paszke2017automatic,
	author = {Paszke, Adam and Gross, Sam and Chintala, Soumith and Chanan, Gregory and Yang, Edward and DeVito, Zachary and Lin, Zeming and Desmaison, Alban and Antiga, Luca and Lerer, Adam},
	title  = {Automatic differentiation in {PyTorch}},
	year   = {2017},
	journal = {NIPS 2017 Workshop Autodiff}
}


@inproceedings{pennington2014glove,
	title={Glove: Global vectors for word representation},
	author={Pennington, Jeffrey and Socher, Richard and Manning, Christopher},
	booktitle={Proceedings of the 2014 conference on empirical methods in natural language processing (EMNLP)},
	pages={1532--1543},
	year={2014}
}
@inproceedings{perez2018film,
	title={Film: Visual reasoning with a general conditioning layer},
	author={Perez, Ethan and Strub, Florian and De Vries, Harm and Dumoulin, Vincent and Courville, Aaron},
	booktitle={Thirty-Second AAAI Conference on Artificial Intelligence},
	year={2018}
}

@article{peters2018deep,
	title={Deep contextualized word representations},
	author={Peters, Matthew E and Neumann, Mark and Iyyer, Mohit and Gardner, Matt and Clark, Christopher and Lee, Kenton and Zettlemoyer, Luke},
	journal={arXiv preprint arXiv:1802.05365},
	year={2018}
}


@inproceedings{redmon2016you,
	title={You only look once: Unified, real-time object detection},
	author={Redmon, Joseph and Divvala, Santosh and Girshick, Ross and Farhadi, Ali},
	booktitle={Proceedings of the IEEE conference on computer vision and pattern recognition},
	pages={779--788},
	year={2016}
}

@article{ripley1993statistical,
	title={Statistical aspects of neural networks},
	author={Ripley, Brian D},
	journal={Networks and chaos—statistical and probabilistic aspects},
	volume={50},
	pages={40--123},
	year={1993}
}

@inproceedings{santoro2017simple,
	title={A simple neural network module for relational reasoning},
	author={Santoro, Adam and Raposo, David and Barrett, David G and Malinowski, Mateusz and Pascanu, Razvan and Battaglia, Peter and Lillicrap, Timothy},
	booktitle={Advances in neural information processing systems},
	pages={4967--4976},
	year={2017}
}

@article{simonyan2014very,
	title={Very deep convolutional networks for large-scale image recognition},
	author={Simonyan, Karen and Zisserman, Andrew},
	journal={arXiv preprint arXiv:1409.1556},
	year={2014}
}

@InProceedings{song2018explore,
	author       = {Song, Xiaomeng and Shi, Yucheng and Chen, Xin and Han, Yahong},
	title        = {Explore multi-step reasoning in video question answering},
	booktitle    = {2018 ACM Multimedia Conference on Multimedia Conference},
	year         = {2018},
	pages        = {239--247},
	organization = {ACM},
}

@Article{sternberg2008increasing,
	author    = {Sternberg, Robert J},
	title     = {Increasing fluid intelligence is possible after all},
	journal   = {Proceedings of the National Academy of Sciences},
	year      = {2008},
	volume    = {105},
	number    = {19},
	pages     = {6791--6792},
	publisher = {National Acad Sciences},
}

@article{taniguchi2018symbol,
	title={Symbol emergence in cognitive developmental systems: a survey},
	author={Taniguchi, Tadahiro and Ugur, Emre and Hoffmann, Matej and Jamone, Lorenzo and Nagai, Takayuki and Rosman, Benjamin and Matsuka, Toshihiko and Iwahashi, Naoto and Oztop, Erhan and Piater, Justus and others},
	journal={IEEE Transactions on Cognitive and Developmental Systems},
	year={2018},
	publisher={IEEE}
}

@inproceedings{teney2017graph,
	title={Graph-structured representations for visual question answering},
	author={Teney, Damien and Liu, Lingqiao and van den Hengel, Anton},
	booktitle={Proceedings of the IEEE Conference on Computer Vision and Pattern Recognition},
	pages={1--9},
	year={2017}
}

@InProceedings{vaswani2017attention,
	author    = {Vaswani, Ashish and Shazeer, Noam and Parmar, Niki and Uszkoreit, Jakob and Jones, Llion and Gomez, Aidan N and Kaiser, {\L}ukasz and Polosukhin, Illia},
	title     = {Attention is all you need},
	booktitle = {Advances in Neural Information Processing Systems},
	year      = {2017},
	pages     = {5998--6008},
}

@article{vedantam2019probabilistic,
	title={Probabilistic Neural-symbolic Models for Interpretable Visual Question Answering},
	author={Vedantam, Ramakrishna and Desai, Karan and Lee, Stefan and Rohrbach, Marcus and Batra, Dhruv and Parikh, Devi},
	journal={arXiv preprint arXiv:1902.07864},
	year={2019}
}

@Article{wang2018glue,
	author  = {Wang, Alex and Singh, Amanpreet and Michael, Julian and Hill, Felix and Levy, Omer and Bowman, Samuel R},
	title   = {Glue: A multi-task benchmark and analysis platform for natural language understanding},
	journal = {arXiv preprint arXiv:1804.07461},
	year    = {2018},
}

@article{warner1996understanding,
	title={Understanding neural networks as statistical tools},
	author={Warner, Brad and Misra, Manavendra},
	journal={The american statistician},
	volume={50},
	number={4},
	pages={284--293},
	year={1996},
	publisher={Taylor \& Francis Group}
}


@article{weiss2016survey,
	title={A survey of transfer learning},
	author={Weiss, Karl and Khoshgoftaar, Taghi M and Wang, DingDing},
	journal={Journal of Big data},
	volume={3},
	number={1},
	pages={9},
	year={2016},
	publisher={SpringerOpen}
}

@Article{weston2014memory,
	author  = {Weston, Jason and Chopra, Sumit and Bordes, Antoine},
	title   = {Memory networks},
	journal = {arXiv preprint arXiv:1410.3916},
	year    = {2014},
}


@Article{weston2015towards,
	author  = {Weston, Jason and Bordes, Antoine and Chopra, Sumit and Rush, Alexander M and van Merri{\"e}nboer, Bart and Joulin, Armand and Mikolov, Tomas},
	title   = {Towards ai-complete question answering: A set of prerequisite toy tasks},
	journal = {arXiv preprint arXiv:1502.05698},
	year    = {2015},
}

@article{wolf2019transformers,
	title={Transformers: State-of-the-art Natural Language Processing},
	author={Wolf, Thomas and Debut, Lysandre and Sanh, Victor and Chaumond, Julien and Delangue, Clement and Moi, Anthony and Cistac, Pierric and Rault, Tim and Louf, R{\'e}mi and Funtowicz, Morgan and others},
	journal={arXiv preprint arXiv:1910.03771},
	year={2019}
}

@inproceedings{xiong2016dynamic,
	title={Dynamic memory networks for visual and textual question answering},
	author={Xiong, Caiming and Merity, Stephen and Socher, Richard},
	booktitle={International conference on machine learning},
	pages={2397--2406},
	year={2016}
}

@inproceedings{xu2017video,
	title={Video question answering via gradually refined attention over appearance and motion},
	author={Xu, Dejing and Zhao, Zhou and Xiao, Jun and Wu, Fei and Zhang, Hanwang and He, Xiangnan and Zhuang, Yueting},
	booktitle={Proceedings of the 25th ACM international conference on Multimedia},
	pages={1645--1653},
	year={2017},
	organization={ACM}
}

@inproceedings{yang2016stacked,
	title={Stacked attention networks for image question answering},
	author={Yang, Zichao and He, Xiaodong and Gao, Jianfeng and Deng, Li and Smola, Alex},
	booktitle={Proceedings of the IEEE conference on computer vision and pattern recognition},
	pages={21--29},
	year={2016}
}

@InProceedings{yang2018dataset,
  author       = {Yang, Guangyu Robert and Ganichev, Igor and Wang, Xiao-Jing and Shlens, Jonathon and Sussillo, David},
  title        = {A dataset and architecture for visual reasoning with a working memory},
  booktitle    = {European Conference on Computer Vision},
  year         = {2018},
  pages        = {729--745},
  organization = {Springer},
}

@misc{yang2018implement,
	title = {COG implementation},
	author       = {Ganichev, Igor},
	howpublished = {\url{https://github.com/google/cog}},
	year         = {2018},  
}

@article{yin2019memory,
	title={Memory Augmented Deep Recurrent Neural Network for Video Question Answering},
	author={Yin, Chengxiang and Tang, Jian and Xu, Zhiyuan and Wang, Yanzhi},
	journal={IEEE transactions on neural networks and learning systems},
	year={2019},
	publisher={IEEE}
}

@inproceedings{yu2017end,
	title={End-to-end concept word detection for video captioning, retrieval, and question answering},
	author={Yu, Youngjae and Ko, Hyungjin and Choi, Jongwook and Kim, Gunhee},
	booktitle={Proceedings of the IEEE Conference on Computer Vision and Pattern Recognition},
	pages={3165--3173},
	year={2017}
}

@inproceedings{yu2017multi,
	title={Multi-modal factorized bilinear pooling with co-attention learning for visual question answering},
	author={Yu, Zhou and Yu, Jun and Fan, Jianping and Tao, Dacheng},
	booktitle={Proceedings of the IEEE international conference on computer vision},
	pages={1821--1830},
	year={2017}
}


@inproceedings{zamir2018taskonomy,
	title={Taskonomy: Disentangling task transfer learning},
	author={Zamir, Amir R and Sax, Alexander and Shen, William and Guibas, Leonidas J and Malik, Jitendra and Savarese, Silvio},
	booktitle={Proceedings of the IEEE Conference on Computer Vision and Pattern Recognition},
	pages={3712--3722},
	year={2018}
}

@article{zhou2015simple,
	title={Simple baseline for visual question answering},
	author={Zhou, Bolei and Tian, Yuandong and Sukhbaatar, Sainbayar and Szlam, Arthur and Fergus, Rob},
	journal={arXiv preprint arXiv:1512.02167},
	year={2015}
}

@Comment{jabref-meta: databaseType:bibtex;}

@Comment{jabref-meta: saveOrderConfig:specified;bibtexkey;false;abstract;false;abstract;false;}
