% Encoding: UTF-8

@Article{andreas2016learning,
  author  = {Andreas, Jacob and Rohrbach, Marcus and Darrell, Trevor and Klein, Dan},
  title   = {Learning to compose neural networks for question answering},
  journal = {arXiv preprint arXiv:1601.01705},
  year    = {2016},
}

@inproceedings{antol2015vqa,
	title={Vqa: Visual question answering},
	author={Antol, Stanislaw and Agrawal, Aishwarya and Lu, Jiasen and Mitchell, Margaret and Batra, Dhruv and Lawrence Zitnick, C and Parikh, Devi},
	booktitle={Proceedings of the IEEE international conference on computer vision},
	pages={2425--2433},
	year={2015}
}

@InProceedings{caruana1993multitask,
  Title                    = {Multitask learning: A knowledge-based source of inductive bias},
  Author                   = {Caruana, R},
  Booktitle                = {Proceedings of the Tenth International Conference on Machine Learning},
  Year                     = {1993},
  Organization             = {Citeseer},
  Pages                    = {41--48}
}

@inproceedings{goyal2017making,
	title={Making the V in VQA matter: Elevating the role of image understanding in Visual Question Answering},
	author={Goyal, Yash and Khot, Tejas and Summers-Stay, Douglas and Batra, Dhruv and Parikh, Devi},
	booktitle={CVPR},
	volume={1},
	number={2},
	pages={3},
	year={2017}
}


@article{guarnelo2016,
	title={Towards deep symbolic reinforcementlearning},
	author={Marta Garnelo, Kai Arulkumaran, and Murray Shanahan},
	journal={arXiv preprint arXiv:1609.05518},
	year={2016},
}

@article{hu2017learning,
	title={Learning to reason: End-to-end module networks for visual question answering},
	author={Hu, Ronghang and Andreas, Jacob and Rohrbach, Marcus and Darrell, Trevor and Saenko, Kate},
	journal={CoRR, abs/1704.05526},
	volume={3},
	year={2017}
}

@article{hudson2018compositional,
	title={Compositional attention networks for machine reasoning},
	author={Hudson, Drew A and Manning, Christopher D},
	journal={arXiv preprint arXiv:1803.03067},
	year={2018}
}

@inproceedings{johnson2017clevr,
	title={CLEVR: A diagnostic dataset for compositional language and elementary visual reasoning},
	author={Johnson, Justin and Hariharan, Bharath and van der Maaten, Laurens and Fei-Fei, Li and Zitnick, C Lawrence and Girshick, Ross},
	booktitle={Computer Vision and Pattern Recognition (CVPR), 2017 IEEE Conference on},
	pages={1988--1997},
	year={2017},
	organization={IEEE}
}


@inproceedings{johnson2017inferring,
	title={Inferring and Executing Programs for Visual Reasoning.},
	author={Johnson, Justin and Hariharan, Bharath and van der Maaten, Laurens and Hoffman, Judy and Fei-Fei, Li and Zitnick, C Lawrence and Girshick, Ross B},
	booktitle={ICCV},
	pages={3008--3017},
	year={2017}
}

@Article{kornuta2018accelerating,
  author    = {Kornuta, Tomasz and Marois, Vincent and McAvoy, Ryan L. and Bouhadjar, Younes and Asseman, Alexis and Albouy, Vincent and Jayram, T.S. and Ozcan, Ahmet S.},
  title     = {Accelerating Machine Learning Research with MI-Prometheus},
  year      = {2018},
  booktitle = {NIPS 2018 Workshop MLOSS},
  url       = {https://openreview.net/forum?id=rJgZ0tpN2X},
}


@inproceedings{malinowski2014multi,
	title={A multi-world approach to question answering about real-world scenes based on uncertain input},
	author={Malinowski, Mateusz and Fritz, Mario},
	booktitle={Advances in neural information processing systems},
	pages={1682--1690},
	year={2014}
}


@article{malinowski2014towards,
	title={Towards a visual turing challenge},
	author={Malinowski, Mateusz and Fritz, Mario},
	journal={arXiv preprint arXiv:1410.8027},
	year={2014}
}

@InProceedings{mascharka2018transparency,
  author    = {Mascharka, David and Tran, Philip and Soklaski, Ryan and Majumdar, Arjun},
  title     = {Transparency by Design: Closing the Gap Between Performance and Interpretability in Visual Reasoning},
  booktitle = {Proceedings of the IEEE Conference on Computer Vision and Pattern Recognition},
  year      = {2018},
  pages     = {4942--4950},
}

@article{paszke2017automatic,
  title={Automatic differentiation in {PyTorch}},
  author={Paszke, Adam and Gross, Sam and Chintala, Soumith and Chanan, Gregory and Yang, Edward and DeVito, Zachary and Lin, Zeming and Desmaison, Alban and Antiga, Luca and Lerer, Adam},
  booktitle={NIPS-W},
  year={2017}
}


@article{perez2017film,
	title={Film: Visual reasoning with a general conditioning layer},
	author={Perez, Ethan and Strub, Florian and De Vries, Harm and Dumoulin, Vincent and Courville, Aaron},
	journal={arXiv preprint arXiv:1709.07871},
	year={2017}
}

@Article{torrey2009transfer,
  Title                    = {Transfer learning},
  Author                   = {Torrey, Lisa and Shavlik, Jude},
  Journal                  = {Handbook of Research on Machine Learning Applications and Trends: Algorithms, Methods, and Techniques},
  Year                     = {2009},
  Pages                    = {242},
  Volume                   = {1}
}

@article{wu2017visual,
	title={Visual question answering: A survey of methods and datasets},
	author={Wu, Qi and Teney, Damien and Wang, Peng and Shen, Chunhua and Dick, Anthony and van den Hengel, Anton},
	journal={Computer Vision and Image Understanding},
	volume={163},
	pages={21--40},
	year={2017},
	publisher={Elsevier}
}

@Comment{jabref-meta: databaseType:bibtex;}

@Comment{jabref-meta: saveOrderConfig:specified;bibtexkey;false;abstract;false;abstract;false;}
